<record><leader>00000cas a22000007a 4500</leader><controlfield tag="001">13727045</controlfield><controlfield tag="008">860613d18931926vaudr ne      0    0eng  </controlfield><datafield ind1=" " ind2=" " tag="010"><subfield code="a">sn 86071599 </subfield></datafield><datafield ind1=" " ind2=" " tag="040"><subfield code="a">DLC</subfield><subfield code="b">eng</subfield><subfield code="c">DLC</subfield><subfield code="d">KNP</subfield><subfield code="d">NVK</subfield><subfield code="d">OCLCO</subfield><subfield code="d">OCLCQ</subfield><subfield code="d">OCLCF</subfield></datafield><datafield ind1="1" ind2=" " tag="029"><subfield code="a">AU@</subfield><subfield code="b">000021432175</subfield></datafield><datafield ind1=" " ind2=" " tag="042"><subfield code="a">msc</subfield></datafield><datafield ind1=" " ind2=" " tag="043"><subfield code="a">n-us-va</subfield></datafield><datafield ind1="0" ind2="0" tag="050"><subfield code="a">Newspaper 10028-X</subfield></datafield><datafield ind1="0" ind2=" " tag="130"><subfield code="a">Daily star (Fredericksburg, Va.)</subfield></datafield><datafield ind1="1" ind2="4" tag="245"><subfield code="a">The daily star.</subfield></datafield><datafield ind1="1" ind2="3" tag="246"><subfield code="a">Daily evening star</subfield></datafield><datafield ind1=" " ind2=" " tag="260"><subfield code="a">Fredericksburg, Va. :</subfield><subfield code="b">Rufus B. Merchant</subfield></datafield><datafield ind1=" " ind2=" " tag="300"><subfield code="a">v. :</subfield><subfield code="b">ill. ;</subfield><subfield code="c">48 cm.</subfield></datafield><datafield ind1=" " ind2=" " tag="310"><subfield code="a">Daily</subfield></datafield><datafield ind1="1" ind2=" " tag="362"><subfield code="a">Began in June 1893; ceased in Sept. 1926.</subfield><subfield code="z">Cf. Gregory, W. Amer. newspapers.</subfield></datafield><datafield ind1=" " ind2=" " tag="500"><subfield code="a">Special Historical and Industrial supplement edited and compiled by Albert E. Walker, 1907.</subfield></datafield><datafield ind1=" " ind2=" " tag="530"><subfield code="a">Also issued on microfilm from Bell &amp; Howell, Micro-Photo Div.</subfield></datafield><datafield ind1=" " ind2=" " tag="588"><subfield code="a">Description based on: Vol. 1, no. 4 (June 26, 1893).</subfield></datafield><datafield ind1=" " ind2=" " tag="588"><subfield code="a">Latest issue consulted: Vol. 32, no. 61 (Sept. 1, 1926).</subfield></datafield><datafield ind1=" " ind2="0" tag="651"><subfield code="a">Fredericksburg (Va.)</subfield><subfield code="v">Newspapers.</subfield></datafield><datafield ind1=" " ind2="7" tag="655"><subfield code="a">Newspapers.</subfield><subfield code="2">fast</subfield><subfield code="0">(OCoLC)fst01423814</subfield></datafield><datafield ind1=" " ind2="7" tag="651"><subfield code="a">Virginia</subfield><subfield code="z">Fredericksburg.</subfield><subfield code="2">fast</subfield><subfield code="0">(OCoLC)fst01206326</subfield></datafield><datafield ind1=" " ind2=" " tag="752"><subfield code="a">United States</subfield><subfield code="b">Virginia</subfield><subfield code="d">Fredericksburg.</subfield></datafield><datafield ind1="0" ind2="7" tag="785"><subfield code="t">Free lance (Fredericksburg, Va.)</subfield><subfield code="w">(DLC)sn 87060165</subfield></datafield><datafield ind1="0" ind2="7" tag="785"><subfield code="t">Free lance-star</subfield><subfield code="w">(DLC)sn 95079002</subfield></datafield></record>